%% Saved with string encoding Unicode (UTF-8) 

@PhDThesis{vranyj2010,
  author = {Vran{\'y}, Jan},
  title = {Supporting Multiple Languages in Virtual Machines},
  school = {Faculty of Information Technologies, Czech Technical University in Prague},
  year = 2010,
  address = {Prague},
  month = sept
}

@article{Basili:1996:RIP:236156.236184,
 author = {Basili, Victor R. and Briand, Lionel C. and Melo, Walc{\'e}lio L.},
 title = {How reuse influences productivity in object-oriented systems},
 journal = {Commun. ACM},
 issue_date = {Oct. 1996},
 volume = {39},
 number = {10},
 month = oct,
 year = {1996},
 issn = {0001-0782},
 pages = {104--116},
 numpages = {13},
 acmid = {236184},
 publisher = {ACM},
 address = {New York, NY, USA},
} 

@inproceedings{Mohagheghi:2004:ESS:998675.999433,
 author = {Mohagheghi, Parastoo and Conradi, Reidar and Killi, Ole M. and Schwarz, Henrik},
 title = {An Empirical Study of Software Reuse vs. Defect-Density and Stability},
 booktitle = {Proceedings of the 26th International Conference on Software Engineering},
 series = {ICSE '04},
 year = {2004},
 isbn = {0-7695-2163-0},
 pages = {282--292},
 numpages = {11},
 acmid = {999433},
 publisher = {IEEE Computer Society},
 address = {Washington, DC, USA},
} 

@inproceedings{conf/oopsla/MarrWHD11,
  added-at = {2012-03-26T00:00:00.000+0200},
  author = {Marr, Stefan and Wael, Mattias De and Haupt, Michael and D'Hondt, Theo},
  biburl = {http://www.bibsonomy.org/bibtex/2edca2cf53013b628beb2048cb499194d/dblp},
  booktitle = {SPLASH Workshops},
  crossref = {conf/oopsla/2011w},
  editor = {Lopes, Cristina Videira},
  interhash = {a4cd5f8252cc120bc766688434d535fa},
  intrahash = {edca2cf53013b628beb2048cb499194d},
  isbn = {978-1-4503-1183-0},
  keywords = {dblp},
  pages = {341-348},
  publisher = {ACM},
  timestamp = {2012-03-26T00:00:00.000+0200},
  title = {Which problems does a multi-language virtual machine need to solve in the multicore/manycore era?},
  year = 2011
}

@ONLINE{Cangiano:Shootout2010,
  author = {Cangiano, Antonio},
  title = {The Great Ruby Shootout},
  month = july,
  year = {2010},
  url = {http://programmingzen.com/2010/07/19/the-great-ruby-shootout-july-2010/}
}

@ONLINE{Bowkett:Smalltalk:2007,
  author = {Bowkett, Giles},
  title = {Smalltalk, Outside The Ivory Tower?},
  month = july,
  year = {2007},
  url =  {http://gilesbowkett.blogspot.nl/2007/07/smalltalk-outside-ivory-tower.html}
}

@ONLINE{Cangiano:Shootout2008,
  author = {Cangiano, Antonio},
  title = {The Great Ruby Shootout},
  month = dec,
  year = {2008},
  url = {http://programmingzen.com/2008/12/09/the-great-ruby-shootout-december-2008/}
}

@ONLINE{dlrspec,
  author = {Chiles, Bill and Turner, Alex},
  title = {Dynamic Language Runtime},
  month= dec,
  year = {2009},
  url = {http://goo.gl/7a2Ezg}
}

@TECHREPORT{Brunklaus02avirtual,
    author = {Thorsten Brunklaus and Leif Kornstaedt},
    title = {A Virtual Machine for Multi-Language Execution},
    institution = {Programming Systems Lab, Universit{\"a}t des Saarlandes, Saarbrücken},
    year = {2002}
}

@article{Butterworth:1991:GOD:125223.125254,
 author = {Butterworth, Paul and Otis, Allen and Stein, Jacob},
 title = {The GemStone object database management system},
 journal = {Commun. ACM},
 issue_date = {Oct. 1991},
 volume = {34},
 number = {10},
 month = oct,
 year = {1991},
 issn = {0001-0782},
 pages = {64--77},
 numpages = {14},
 acmid = {125254},
 publisher = {ACM},
 address = {New York, NY, USA},
 keywords = {GemStone, database management systems, object-oriented},
}

@inproceedings{Maier:1986:DOD:28697.28746,
 author = {Maier, David and Stein, Jacob and Otis, Allen and Purdy, Alan},
 title = {Development of an object-oriented DBMS},
 booktitle = {Conference proceedings on Object-oriented programming systems, languages and applications},
 series = {OOPLSA '86},
 year = {1986},
 isbn = {0-89791-204-7},
 location = {Portland, Oregon, USA},
 pages = {472--482},
 numpages = {11},
 acmid = {28746},
 publisher = {ACM},
 address = {New York, NY, USA},
} 

@book{Goldberg1983,
  added-at = {2009-08-29T18:11:31.000+0200},
  author = {Goldberg, Adele and Robson, Dave},
  biburl = {http://www.bibsonomy.org/bibtex/2191267393305f67c9c170aa70e09fb6a/n770},
  interhash = {0832b3253eb13ebb44adb047cba2ed68},
  intrahash = {191267393305f67c9c170aa70e09fb6a},
  keywords = {imported},
  publisher = {Addison Wesley},
  timestamp = {2009-08-29T18:11:31.000+0200},
  title = {{Smalltalk-80: The Language and Its Implementation}},
  year = 1983
}

@inproceedings{gunter:metaprog,
  title={Metaprogramming in Ruby--A Pattern Catalog},
  author={G{\"u}nther, Sebastian and Fischer, Marco},
  booktitle={17th Conference on Pattern Languages of Programs (PLoP)},
  year={2010}
}

@article{pavlata:rubyObjectModel,
  title={Ruby Object Model--The S1 structure},
  author={Pavlata, Ond{\v{r}}ej},
  year={2012}
}

@inproceedings{Bracha:1990:MI:97945.97982,
 author = {Bracha, Gilad and Cook, William},
 title = {Mixin-based inheritance},
 booktitle = {Proceedings of the European conference on object-oriented programming on Object-oriented programming systems, languages, and applications},
 series = {OOPSLA/ECOOP '90},
 year = {1990},
 isbn = {0-89791-411-2},
 location = {Ottawa, Canada},
 pages = {303--311},
 numpages = {9},
 acmid = {97982},
 publisher = {ACM},
 address = {New York, NY, USA},
}

@INPROCEEDINGS{Smaragdakis98implementinglayered,
    author = {Yannis Smaragdakis and Don Batory},
    title = {Implementing Layered Designs with Mixin Layers},
    booktitle = {In ECCOP ’98: Proceedings of the 12th European Conference on Object-Oriented Programming},
    year = {1998},
    pages = {550--570},
    publisher = {Springer}
}

@INPROCEEDINGS{Scharli03traits:composable,
    author = {Nathanael Sch{\"a}rli and St{\'e}phane Ducasse and Oscar Nierstrasz and Andrew P. Black},
    title = {Traits: Composable Units of Behaviour},
    booktitle = {In Proc. European Conference on Object-Oriented Programming},
    year = {2003},
    pages = {248--274},
    publisher = {Springer}
}

@MISC{Meijer00technicaloverview,
    author = {Erik Meijer and Redmond Wa and John Gough},
    title = {Technical Overview of the Common Language Runtime},
    year = {2000}
}

@book{Ecma335,
  added-at = {2008-08-17T11:24:18.000+0200},
  address = {Geneva, Switzerland},
  author = {{ECMA International}},
  biburl = {http://www.bibsonomy.org/bibtex/24ea12eac698fd30d920384749be34f0c/gron},
  edition = 5,
  interhash = {062d7c0fe4253c982932adbe8ae8d66b},
  intrahash = {4ea12eac698fd30d920384749be34f0c},
  keywords = {.NET CLI PhD Proposal Specification Standard VM},
  month = {December},
  timestamp = {2008-08-17T11:24:18.000+0200},
  title = {Standard ECMA-335 - Common Language Infrastructure (CLI)},
  year = 2010
}

@article{Hamilton:2003:LIC:772970.772973,
 author = {Hamilton, Jennifer},
 title = {Language integration in the common language runtime},
 journal = {SIGPLAN Not.},
 issue_date = {February 2003},
 volume = {38},
 number = {2},
 month = feb,
 year = {2003},
 issn = {0362-1340},
 pages = {19--28},
 numpages = {10},
 acmid = {772973},
 publisher = {ACM},
 address = {New York, NY, USA},
 keywords = {common type system, exception handling, intermediate language, language interoperability, metadata, virtual machine},
} 

 @book{GlossarWiki:Gamma_et_al.:1995, 
   author = {Gamma, Erich and Helm, Richard and Johnson, Ralph and Vlissides, John}, 
   title = {Design Patterns -- Elements of Reusable Object-Oriented Software}, 
   publisher = {Addison-Wesley Longman}, 
   edition = {1}, 
   isbn = {0201633612}, 
   year = {1995}, 
   address = {Amsterdam}, 
   quality = {5}, 
   note = {37. Reprint (2009)}
}

@inproceedings{Kelly:2008:RRC:1378279.1378288,
 author = {Kelly, Wayne and Gough, John},
 title = {Ruby.NET: a Ruby compiler for the common language infrastructure},
 booktitle = {Proceedings of the thirty-first Australasian conference on Computer science - Volume 74},
 series = {ACSC '08},
 year = {2008},
 isbn = {978-1-920682-55-2},
 location = {Wollongong, Australia},
 pages = {37--46},
 numpages = {10},
 acmid = {1378288},
 publisher = {Australian Computer Society, Inc.},
 address = {Darlinghurst, Australia, Australia},
 keywords = {.NET and compilers, CLI, Ruby, dynamic languages},
} 


@article{Cassou:2009:TWD:1412746.1412795,
 author = {Cassou, Damien and Ducasse, St{\'e}phane and Wuyts, Roel},
 title = {Traits at work: The design of a new trait-based stream library},
 journal = {Comput. Lang. Syst. Struct.},
 issue_date = {April, 2009},
 volume = {35},
 number = {1},
 month = apr,
 year = {2009},
 issn = {1477-8424},
 pages = {2--20},
 numpages = {19},
 acmid = {1412795},
 publisher = {Elsevier Science Publishers B. V.},
 address = {Amsterdam, The Netherlands, The Netherlands},
 keywords = {Code reuse, Inheritance, Object-oriented programming, Refactoring, Smalltalk, Traits},
} 


@inproceedings{DBLP:conf/dateso/KursVB11,
  author    = {Kurs, Jan and
               Vran{\'y}, Jan and
               Bergel, Alexandre},
  title     = {Supporting Language Interoperability by Dynamically Switched
               Behaviors},
  booktitle = {DATESO},
  year      = {2011},
  pages     = {73-84},
  ee        = {http://ceur-ws.org/Vol-706/paper17.pdf},
  crossref  = {DBLP:conf/dateso/2011},
  bibsource = {DBLP, http://dblp.uni-trier.de}
}

@ARTICLE{Bergel05analyzingmodule,
    author = {Alexandre Bergel and St{\'e}phane Ducasse and Oscar Nierstrasz},
    title = {Analyzing module diversity},
    journal = {JOURNAL OF UNIVERSAL COMPUTER SCIENCE},
    year = {2005},
    volume = {11},
    pages = {2005}
}

@inproceedings{Bierman:2010:ADT:1883978.1883986,
 author = {Bierman, Gavin and Meijer, Erik and Torgersen, Mads},
 title = {Adding dynamic types to C},
 booktitle = {Proceedings of the 24th European conference on Object-oriented programming},
 series = {ECOOP'10},
 year = {2010},
 isbn = {3-642-14106-4, 978-3-642-14106-5},
 location = {Maribor, Slovenia},
 pages = {76--100},
 numpages = {25},
 acmid = {1883986},
 publisher = {Springer-Verlag},
 address = {Berlin, Heidelberg},
}

@book{nutter2011using,
  title={Using Jruby: Bringing Ruby to Java},
  author={Nutter, C.O. and Enebo, T. and Sieger, N. and Bini, O.},
  isbn={9781934356654},
  lccn={2011283049},
  series={Pragmatic Bookshelf Series},
  year={2011},
  publisher={Pragmatic Bookshelf}
}
 
@inproceedings{Hlopko:2012:ISJ:2448963.2448968,
 author = {Hlopko, Marcel and Kur\v{s}, Jan and Vran\'{y}, Jan and Gittinger, Claus},
 title = {On the integration of Smalltalk and Java: practical experience with STX:LIBJAVA},
 booktitle = {Proceedings of the International Workshop on Smalltalk Technologies},
 series = {IWST '12},
 year = {2012},
 isbn = {978-1-4503-1897-6},
 location = {Ghent, Belgium},
 pages = {5:1--5:12},
 articleno = {5},
 numpages = {12},
 acmid = {2448968},
 publisher = {ACM},
 address = {New York, NY, USA},
 keywords = {Java, Smalltalk, language interoperability},
}

@inproceedings{conf/tools/VranyKG12,
  added-at = {2012-05-29T00:00:00.000+0200},
  author = {Vran{\'y}, Jan and Kurs, Jan and Gittinger, Claus},
  booktitle = {TOOLS (50)},
  crossref = {conf/tools/50-2012},
  editor = {Furia, Carlo A. and Nanz, Sebastian},
  interhash = {525b2026419c4afdd5f3a0ff705bd2b9},
  intrahash = {1cccd376c7ccf8928583ba32be5aa2fa},
  isbn = {978-3-642-30560-3},
  keywords = {dblp},
  pages = {124-139},
  publisher = {Springer},
  series = {Lecture Notes in Computer Science},
  timestamp = {2012-05-29T00:00:00.000+0200},
  title = {Efficient Method Lookup Customization for Smalltalk.},
  volume = 7304,
  year = 2012
}
 
